@Article{theref,
author = {Anders},
title = {Anders},
journal = {Anders},
year = {Anders}
}

% --- Introduction ---
@inproceedings{durumeric2014matter,
  title={The matter of Heartbleed},
  author={Durumeric, Zakir and Kasten, James and Adrian, David and Halderman, J Alex and Bailey, Michael and Li, Frank and Weaver, Nicolas and Amann, Johanna and Beekman, Jethro and Payer, Mathias and others},
  booktitle={Proceedings of the 2014 Conference on Internet Measurement Conference},
  pages={475--488},
  year={2014},
  organization={ACM}
}

@article{bland2014finding,
  title={Finding more than one worm in the Apple},
  author={Bland, Mike},
  journal={Communications of the ACM},
  volume={57},
  number={7},
  pages={58--64},
  year={2014},
  publisher={ACM}
}

@book{fowler2010domain,
  title={Domain-specific languages},
  author={Fowler, Martin},
  year={2010},
  publisher={Pearson Education}
}

@article{mernik2005and,
  title={When and how to develop domain-specific languages},
  author={Mernik, Marjan and Heering, Jan and Sloane, Anthony M},
  journal={ACM computing surveys (CSUR)},
  volume={37},
  number={4},
  pages={316--344},
  year={2005},
  publisher={ACM}
}

@article{logjam2015,
  title={Imperfect Forward Secrecy: How Diffie-Hellman Fails in Practice},
  author={David Adrian, Karthikeyan Bhargavan, Zakir Durumeric, Pierrick Gaudry, Matthew Green, J. Alex Halderman, Nadia Heninger, Drew Springall, Emmanuel Thomé, Luke Valenta, Benjamin VanderSloot, Eric Wustrow, Santiago Zanella-Béguelink and Paul Zimmermann},
  year={2015},
  publisher={www.weakhd.org}
}

% --- Related Work ---
@inproceedings{musuvathi2004model,
  title={Model Checking Large Network Protocol Implementations.},
  author={Musuvathi, Madanlal and Engler, Dawson R and others},
  booktitle={NSDI},
  volume={4},
  pages={12--12},
  year={2004},
  organization={Citeseer}
}

@article{musuvathi2002cmc,
  title={CMC: A pragmatic approach to model checking real code},
  author={Musuvathi, Madanlal and Park, David YW and Chou, Andy and Engler, Dawson R and Dill, David L},
  journal={ACM SIGOPS Operating Systems Review},
  volume={36},
  number={SI},
  pages={75--88},
  year={2002},
  publisher={ACM}
}
@article{bolognesi1987introduction,
  title={Introduction to the ISO specification language LOTOS},
  author={Bolognesi, Tommaso and Brinksma, Ed},
  journal={Computer Networks and ISDN systems},
  volume={14},
  number={1},
  pages={25--59},
  year={1987},
  publisher={Elsevier}
}
@article{boussinot1991esterel,
  title={The ESTEREL language},
  author={Boussinot, Fr{\'e}d{\'e}ric and De Simone, Robert},
  journal={Proceedings of the IEEE},
  volume={79},
  number={9},
  pages={1293--1304},
  year={1991},
  publisher={IEEE}
}
@article{kohler1999readable,
  title={A readable TCP in the Prolac protocol language},
  author={Kohler, Eddie and Kaashoek, M Frans and Montgomery, David R},
  journal={ACM SIGCOMM Computer Communication Review},
  volume={29},
  number={4},
  pages={3--13},
  year={1999},
  publisher={ACM}
}
@article{day1983osi,
  title={The OSI reference model},
  author={Day, John D and Zimmermann, Hubert},
  journal={Proceedings of the IEEE},
  volume={71},
  number={12},
  pages={1334--1340},
  year={1983},
  publisher={IEEE}
}
@inproceedings{dardha2012session,
  title={Session types revisited},
  author={Dardha, Ornela and Giachino, Elena and Sangiorgi, Davide},
  booktitle={Proceedings of the 14th symposium on Principles and practice of declarative programming},
  pages={139--150},
  year={2012},
  organization={ACM}
}
% --- Background ---
@inproceedings{steiner1988kerberos,
  title={Kerberos: An Authentication Service for Open Network Systems.},
  author={Steiner, Jennifer G and Neuman, B Clifford and Schiller, Jeffrey I},
  booktitle={USENIX Winter},
  pages={191--202},
  year={1988}
}
@article{diffie1976new,
  title={New directions in cryptography},
  author={Diffie, Whitfield and Hellman, Martin E},
  journal={Information Theory, IEEE Transactions on},
  volume={22},
  number={6},
  pages={644--654},
  year={1976},
  publisher={IEEE}
}
@article{clark1988design,
  title={The design philosophy of the DARPA Internet protocols},
  author={Clark, David},
  journal={ACM SIGCOMM Computer Communication Review},
  volume={18},
  number={4},
  pages={106--114},
  year={1988},
  publisher={ACM}
}

% --- Architecture ---
@inproceedings{parnas1994software,
  title={Software aging},
  author={Parnas, David Lorge},
  booktitle={Proceedings of the 16th international conference on Software engineering},
  pages={279--287},
  year={1994},
  organization={IEEE Computer Society Press}
}

% --- Tools ---
@techreport{odersky2004overview,
  title={An overview of the Scala programming language},
  author={Odersky, Martin and Altherr, Philippe and Cremet, Vincent and Emir, Burak and Maneth, Sebastian and Micheloud, St{\'e}phane and Mihaylov, Nikolay and Schinz, Michel and Stenman, Erik and Zenger, Matthias},
  institution =  {EPFL Lausanne, Switzerland},
  year={2004}
}

@TechReport{scala-overview-tech-report,
  author =       {Martin Odersky and al.},
  title =        {An Overview of the Scala Programming Language},
  institution =  {EPFL Lausanne, Switzerland},
  year =         2004,
  number =       {IC/2004/64}
}

% Akka Doc == Tech report?
@TechReport{akka-documentation,
  author =       {Typesafe},
  title =        {Akka Scala Documentation - Release 2.3.11},
  institution =  {Typesafe},
  year =         2015
}

% --- Defining a Protocol
@incollection{dezani2010sessions,
  title={Sessions and session types: an overview},
  author={Dezani-Ciancaglini, Mariangiola and De’Liguoro, Ugo},
  booktitle={Web Services and Formal Methods},
  pages={1--28},
  year={2010},
  publisher={Springer}
}

